---
---

@book{alexander:paradise4,
	abbr = {Required},
	author = {T. Desmond Alexander},
	date-added = {2022-05-05 14:33:59 -0500},
	date-modified = {2022-05-05 14:36:35 -0500},
	edition = {4},
	isbn = {978-1-540-96340-6},
	location = {Grand Rapids, MI},
	pagetotal = {448},
	publisher = {Baker Academic},
	subtitle = {An Introduction to the Pentateuch},
	title = {From Paradise to the Promise Land},
	year = {2022},
	purchase = {https://www.amazon.com/Paradise-Promised-Land-Introduction-Pentateuch/dp/1540963403/}
	}

@book{sailhamer:pentateuch-narrative,
	abbr = {Optional},
    author = {John H. Sailhamer},
	date-added = {2022-05-05 12:18:35 -0500},
	date-modified = {2022-05-05 12:23:05 -0500},
	isbn = {978-0-310-57421-7},
	location = {Grand Rapids, MI},
	publisher = {Zondervan},
	series = {Library of Biblical Interpretation},
	subtitle = {A Biblical-Theological Commentary},
	title = {The Pentateuch as Narrative},
	year = {1992},
    purchase = {https://www.amazon.com/gp/product/0310574218/}
    }

@book{alter:narrative,
	abbr = {Optional},
	author = {Robert Alter},
	date-added = {2022-05-10 17:49:33 -0500},
	date-modified = {2022-05-10 17:50:50 -0500},
	isbn = {978-0-465-02255-7},
	location = {New York},
	publisher = {Basic Books},
	title = {The Art of Biblical Narrative},
	year = {2011},
	purchase = {https://www.amazon.com/Art-Biblical-Narrative-Robert-Alter/dp/0465022553/}
	}
