---
---

@article{bradley:isa-rev,
	author={Roy A. Bradley},
	date-added={2022-02-28},
	date-modified={2022-02-28},
	title={The Influcence of Isaiah 60-66 on the Message of Eschatalogical Hope in Revelation},
	year={2021},
	pdf={nt2_final-paper_isa-rev.pdf}
	}

@article{bradley:isa-rev,
	author={Roy A. Bradley},
	date-added={2022-02-28},
	date-modified={2022-02-28},
	title={From Economy to Hypothesis: The Development of Christian Interpretation of Scripture in the Second Century A.D.},
	year={2022},
	pdf={hist1_final-paper_early-develop-interpret.pdf}
	}

